
@article {Rob18,
    AUTHOR = {Robinson, Alan},
     TITLE = {{$E_\infty$} obstruction theory},
   JOURNAL = {Homology Homotopy Appl.},
  FJOURNAL = {Homology, Homotopy and Applications},
    VOLUME = {20},
      YEAR = {2018},
    NUMBER = {1},
     PAGES = {155--184},
      ISSN = {1532-0073},
   MRCLASS = {55P48 (18D50 55P43 55S35)},
  MRNUMBER = {3775354},
MRREVIEWER = {Martin Frankland},
       DOI = {10.4310/HHA.2018.v20.n1.a10},
       URL = {https://doi-org.ezproxy.uky.edu/10.4310/HHA.2018.v20.n1.a10},
}


@article {Rob03,
    AUTHOR = {Robinson, Alan},
     TITLE = {Gamma homology, {L}ie representations and {$E_\infty$}
              multiplications},
   JOURNAL = {Invent. Math.},
  FJOURNAL = {Inventiones Mathematicae},
    VOLUME = {152},
      YEAR = {2003},
    NUMBER = {2},
     PAGES = {331--348},
      ISSN = {0020-9910},
   MRCLASS = {55P43 (13D03 18G60)},
  MRNUMBER = {1974890},
MRREVIEWER = {Birgit Richter},
       DOI = {10.1007/s00222-002-0272-5},
       URL = {https://doi-org.ezproxy.uky.edu/10.1007/s00222-002-0272-5},
}

@article {RW02,
    AUTHOR = {Robinson, Alan and Whitehouse, Sarah},
     TITLE = {Operads and {$\Gamma$}-homology of commutative rings},
   JOURNAL = {Math. Proc. Cambridge Philos. Soc.},
  FJOURNAL = {Mathematical Proceedings of the Cambridge Philosophical
              Society},
    VOLUME = {132},
      YEAR = {2002},
    NUMBER = {2},
     PAGES = {197--234},
      ISSN = {0305-0041},
   MRCLASS = {18D50 (13D03)},
  MRNUMBER = {1874215},
MRREVIEWER = {Fran\c{c}ois Goichot},
       DOI = {10.1017/S0305004102005534},
       URL = {https://doi-org.ezproxy.uky.edu/10.1017/S0305004102005534},
}